	@article{pocius2003ilgalaikio,
  title={Ilgalaikio nedarbo problema Lietuvoje},
  author={Pocius, Ar{\=u}nas and Okunevi{\v{c}}i{\=u}t{\.e}-Neverauskien{\.e}, Laima},
  journal={Filosofija. Sociologija},
  number={1},
  pages={43--48},
  year={2003}
}


	@article{vsuliakaiteneformaliojo,
 title={NEFORMALIOJO SUAUGUSI{\k{U}}J{\k{U}} MOKYMOSI SAMPRAT{\k{U}} ANALIZ{\.E} MOKYMOSI VIS{\k{A}} GYVENIM{\k{A}} KONTEKSTE},
  author={{\v{S}}uliakait{\.e}, A and Navikien{\.e}, {\v{Z}}}
}


@article{aleknaite2014lietuvos,
  title={Lietuvos suaugusi{\k{u}}j{\k{u}} ugdymo sistemos ypatumai},
  author={Aleknait{\.e}-Bieliauskien{\.e}, Rita},
  year={2014}
}



	@article{melnikova2012kokybivsko,
  title={Kokybi{\v{s}}ko mokykl{\k{u}} vadov{\k{u}} kompetencij{\k{u}} ugdymo komponent{\k{u}} projektavimas suaugusi{\k{u}}j{\k{u}} {\v{s}}vietimo paslaug{\k{u}} optimizavimo kontekste},
  author={Melnikova, Julija},
  journal={Andragogika},
  number={3},
  pages={82--104},
  year={2012}
}


@article{jakvstiene2013uvzimtumka,
  title={U{\v{z}}imtum{\k{a}} lemian{\v{c}}i{\k{u}} mikroekonomini{\k{u}} ir makroekonomini{\k{u}} veiksni{\k{u}} modelis},
  author={Jak{\v{s}}tien{\.e}, Sandra},
  journal={Ekonomika ir vadyba: aktualijos ir perspektyvos: mokslo darbai},
  number={3},
  pages={160--168},
  year={2013},
  publisher={BMK leidykla}
}



@article{kvieskiene2016suaugusikujku,
  title={Suaugusi{\k{u}}j{\k{u}} mokymosi organizavimo ypatumai: efektyviausi{\k{u}} sprendim{\k{u}} paie{\v{s}}kos [elektroninis i{\v{s}}teklius]:[Lietuvos atstov{\k{u}} atsiliepimai apie tarptautin{\k{e}} ateities {\v{s}}vietimo i{\v{s}}{\v{s}}{\=u}ki{\k{u}} konferencij{\k{a}} „World learning summit 2016 “: 2016 m. bir{\v{z}}elio 14-16 d., Kristiansandas, Norvegija]},
  author={Kvieskien{\.e}, Giedr{\.e} and Mi{\v{s}}kinien{\.e}, Kristina and {\v{Z}}inaityt{\.e}, Sandra and Mulerkien{\.e}, Ilona and Urbonavi{\v{c}}ien{\.e}, Biruta and Papikait{\.e}, Edita and Jere{\v{s}}i{\=u}nas, Andrejus and Makauskien{\.e}, J{\=u}rat{\.e} and Kvieska, Vytautas},
  year={2016},
  publisher={[Lietuvos demokrati{\v{s}}kumo ugdymo kolegija]}
}

@misc{teresevivciene2006tyrimo,
  title={Tyrimo „Suaugusi{\k{u}}j{\k{u}} mokymasis Lietuvoje: apr{\.e}ptis, poreikiai ir pasi{\=u}la “ataskaita:[rankra{\v{s}}tis]},
  author={Teresevi{\v{c}}ien{\.e}, M and Zuzevi{\v{c}}i{\=u}t{\.e}, V and Kuncaitis, R and Rutkien{\.e}, A},
  year={2006},
  publisher={Kaunas}
}


@article{Zablacke2015,
title={„Suaugusiųjų mokymasis: kiek mokosi, ką moka, ar turi galimybių mokytis?“},
author={Rima Zablackė and Monika Vanagaitė},
pages={1-12},
year={2015}
}



@misc{shpitzer_2019,
title={Nacionalinės paramos tarnybos - Lietuva}, url={https://ec.europa.eu/epale/lt/nss/national-support-services-lithuania}, year={2019},
}



@misc{bonjean_2019,
title={EU policy in the field of adult learning}, url={https://ec.europa.eu/education/policies/eu-policy-in-the-field-of-adult-learning_lt},
author={BONJEAN, Dominique},
year={2019}
}



@article{Rekomendacija2018,
author = {Rekomendacija, Tarybos},
title = {Komisijos tarnybų darbinis dokumentas. Šalies ataskaita. Lietuva 2018},
year = {2018}
}
